@article{Mattson1970Evaluation,
  title={Evaluation techniques for storage hierarchies},
  author={Mattson, R. L and Gecsei, J and Slutz, D. R and Traiger, I. L},
  journal={Ibm Systems Journal},
  volume={9},
  number={2},
  pages={78-117},
  year={1970},
}
@inproceedings{Wires2014Characterizing,
  title={Characterizing storage workloads with counter stacks},
  author={Wires, Jake and Ingram, Stephen and Drudi, Zachary and Harvey, Nicholas J. A and Warfield, Andrew},
  booktitle={Usenix Conference on Operating Systems Design and Implementation},
  pages={335-349},
  year={2014},
}
@inproceedings{shards,
  title={Efficient MRC construction with SHARDS},
  author={Waldspurger, Carl A and Park, Nohhyun and Garthwaite, Alexander and Ahmad, Irfan},
  booktitle={Usenix Conference on File and Storage Technologies},
  pages={95-110},
  year={2015},
}
@inproceedings {aet,
author = {Xiameng Hu and Xiaolin Wang and Lan Zhou and Yingwei Luo and Chen Ding and Zhenlin Wang},
title = {Kinetic Modeling of Data Eviction in Cache},
booktitle = {2016 USENIX Annual Technical Conference (USENIX ATC 16)},
year = {2016},
isbn = {978-1-931971-30-0},
address = {Denver, CO},
pages = {351--364},
url = {https://www.usenix.org/conference/atc16/technical-sessions/presentation/hu},
publisher = {USENIX Association},
}
@article{Wang2016Dynamic,
  title={Dynamic Memory Balancing for Virtualization},
  author={Wang, Zhigang and Wang, Xiaolin and Hou, Fang and Luo, Yingwei and Wang, Zhenlin},
  journal={Acm Transactions on Architecture \& Code Optimization},
  volume={13},
  number={1},
  pages={2},
  year={2016},
}
@misc{vmware,
  author = {vSphere 6.0},
  title = {Configuration Maximums},
  howpublished={\url{https://www.vmware.com/pdf/vsphere6/r60/vsphere-60-configuration-maximums.pdf}},
  year = {2017}, 
}
@article{wss,
  title={The working set model for program behavior},
  author={Denning, Peter J},
  journal={Communications of the Acm},
  volume={26},
  number={1},
  pages={43-48},
  year={1968},
}