@article{test-en,
	author = {Author},
	title = {Title},
	type = {J},
	journal = {Journal},
	date = {2014-04-01},
	language = {english},
}

@article{test-zh,
	author = {作者},
	title = {标题},
	type = {J},
	journal = {期刊},
	date = {2014-04-01},
	language = {chinese},
}

@article{wss,
	title={The working set model for program behavior},
	author={Denning, Peter J},
	journal={Communications of the Acm},
	volume={26},
	number={1},
	pages={43-48},
	year={1968},
}

@article{Mattson1970Evaluation,
	title={Evaluation techniques for storage hierarchies},
	author={Mattson, R. L and Gecsei, J and Slutz, D. R and Traiger, I. L},
	journal={Ibm Systems Journal},
	volume={9},
	number={2},
	pages={78-117},
	year={1970},
}
% vim:ts=4:sw=4
